@misc{mescheder2019occupancy,
      title={Occupancy Networks: Learning 3D Reconstruction in Function Space}, 
      author={Lars Mescheder and Michael Oechsle and Michael Niemeyer and Sebastian Nowozin and Andreas Geiger},
      year={2019},
      eprint={1812.03828},
      archivePrefix={arXiv},
      primaryClass={cs.CV}
}

@article{simeonovdu2021ndf,
  title={Neural Descriptor Fields: SE(3)-Equivariant Object Representations for Manipulation},
  author={Simeonov, Anthony and Du, Yilun and Tagliasacchi, Andrea and Tenenbaum, Joshua B. and Rodriguez, Alberto and Agrawal, Pulkit and Sitzmann, Vincent},
  journal={arXiv preprint arXiv:2112.05124},
  year={2021}
}

@article{kipf2019contrastive,
  title={Contrastive learning of structured world models},
  author={Kipf, Thomas and Van der Pol, Elise and Welling, Max},
  journal={arXiv preprint arXiv:1911.12247},
  year={2019}
}

@article{ma2021learning,
  title={Learning latent graph dynamics for deformable object manipulation},
  author={Ma, Xiao and Hsu, David and Lee, Wee Sun},
  journal={arXiv preprint arXiv:2104.12149},
  volume={2},
  year={2021}
}

@misc{giuliari2020transformer,
    title={Transformer Networks for Trajectory Forecasting},
    author={Francesco Giuliari and Irtiza Hasan and Marco Cristani and Fabio Galasso},
    year={2020},
    eprint={2003.08111},
    archivePrefix={arXiv},
    primaryClass={cs.CV}
}
